@conference{parki,
  title={{A maximum entropy approach to identifying sentence boundaries}},
  author={Reynar, J.C. and Ratnaparkhi, A.},
  booktitle={Proceedings of the fifth conference on Applied natural language processing},
  pages={16--19},
  year={1997},
  organization={Association for Computational Linguistics}
}

@conference{kim2010towards,
  title={{Towards an intelligent code search engine}},
  author={Kim, J. and Lee, S. and Hwang, S. and Kim, S.},
  booktitle={Proceedings of AAAI},
  year={2010}
}

@InProceedings{baldwin-EtAl:2010:SOCIAL,
  author    = {Baldwin, T.  and  Martinez, D.  and  Penman, R.  and  Kim, S.  and  Lui, M.  and  Wang, L.  and  MacKinlay, A.},
  title     = {Intelligent Linux Information Access by Data Mining: the ILIAD Project},
  booktitle = {Proceedings of the NAACL HLT 2010 Workshop on Computational Linguistics in a World of Social Media},
  year      = {2010},
}


@conference{xi2004learning,
  title={{Learning effective ranking functions for newsgroup search}},
  author={Xi, W. and Lind, J. and Brill, E.},
  booktitle={Proceedings of SIGIR},
  pages={401},
  year={2004},
}


@article{nenkova2004facilitating,
  title={{Facilitating email thread access by extractive summary generation}},
  author={Nenkova, A. and Bagga, A.},
  journal={Recent advances in natural language processing III: selected papers from RANLP 2003},
  pages={287},
  year={2004},
}

@InProceedings{duan-EtAl:2010:PAPERS1,
  author    = {Duan, Y.  and  Jiang, L.  and  Qin, T.  and  Zhou, M.  and  Shum, H.},
  title     = {An Empirical Study on Learning to Rank of Tweets},
  booktitle = {Proceedings of COLING},
  year      = {2010},
  pages     = {295--303},
}


@article{agichtein2009social,
  title={{The Social Future of Web Search: Modeling, Exploiting, and Searching Collaboratively Generated Content}},
  author={Agichtein, E. and Gabrilovich, E. and Zha, H.},
  journal={Data Engineering},
  pages={52},
  year={2009},
}


@conference{seo2009online,
  title={{Online community search using thread structure}},
  author={Seo, J. and Croft, W.B. and Smith, D.A.},
  booktitle={Proceeding of CIKM},
  pages={1907--1910},
  year={2009},
}

