@ARTICLE{BarzilayEM02,
    author = {Regina Barzilay and Noemie Elhadad and Kathleen R. McKeown},
    title = {Inferring Strategies for Sentence Ordering in Multidocument News Summarization},
    journal = {Journal of Artificial Intelligence Research},
    year = {2002},
    volume = {17},
    pages = {35 - 55}
}

@ARTICLE{DonghongY08,
    author = {Ji Donghong and Nie Yu},
    title = {Sentence Ordering based on Cluster Adjacency in Multi-Document Summarization},
    journal = {Third International Joint Conference on Natural Language Processing},
    year = {2008},
}

@INPROCEEDINGS{BollegalaOI05,
    author = {Danushka Bollegala and Naoaki Okazaki and Mitsuru Ishizuka},
    title = {A machine learning approach to sentence ordering for multi-document summarization and its evaluation},
    booktitle = {In Proceedings of IJCNLP},
    year = {2005}
}

@article{Bollegala201089,
    title = {A bottom-up approach to sentence ordering for multi-document summarization},
    journal = {Information Processing \& Management},
    volume = {46},
    number = {1},
    pages = {89 - 109},
    year = {2010},
    author = {Danushka Bollegala and Naoaki Okazaki and Mitsuru Ishizuka}
}

@ARTICLE{CohenSS99,
    author = {W. W. Cohen and R. E. Schapire and Y. Singer},
    title = {Learning to order things},
    journal = {Journal of Artificial Intelligence Research},
    year = {1999},
    volume = {10},
    pages =Â {243 - 270}
}


@MISC{Cluto,
    title = {CLUTO -- Clustering Toolkit}
    howpublished = {\url{glaros.dtc.umn.edu/gkhome/cluto/cluto/overview}}
}
